[gd_scene load_steps=9 format=2]

[ext_resource path="res://Scripts/BoarBattle.gd" type="Script" id=1]
[ext_resource path="res://Scripts/PlayerStats.gd" type="Script" id=2]
[ext_resource path="res://Assets/Resources/72eb32f5-b7e3-42b8-9182-c9867eef44e5 (1).png" type="Texture" id=3]
[ext_resource path="res://Scenes/Boar.tscn" type="PackedScene" id=4]
[ext_resource path="res://Assets/Resources/DefaultTheme.tres" type="Theme" id=5]
[ext_resource path="res://Scripts/StatsPanel.gd" type="Script" id=6]
[ext_resource path="res://Scenes/SlashActionButton.tscn" type="PackedScene" id=7]
[ext_resource path="res://Scenes/HealActionButton.tscn" type="PackedScene" id=8]

[node name="Battle" type="Node"]
script = ExtResource( 1 )

[node name="PlayerStats" type="Node" parent="."]
script = ExtResource( 2 )

[node name="Background" type="Sprite" parent="."]
position = Vector2( 512.861, 301.323 )
scale = Vector2( 1.98601, 1.54205 )
texture = ExtResource( 3 )

[node name="Boar" parent="." instance=ExtResource( 4 )]
position = Vector2( 520.304, 209.03 )

[node name="UI" type="Control" parent="."]
anchor_right = 1.0
anchor_bottom = 1.0
theme = ExtResource( 5 )

[node name="CenterContainer" type="CenterContainer" parent="UI"]
margin_left = 447.608
margin_top = 162.007
margin_right = 593.608
margin_bottom = 202.007

[node name="ProceedButton" type="Button" parent="UI/CenterContainer"]
margin_top = 2.0
margin_right = 146.0
margin_bottom = 37.0
text = "Proceed"

[node name="StatsPanel" type="Panel" parent="UI"]
editor/display_folded = true
margin_left = 392.632
margin_top = 300.164
margin_right = 659.632
margin_bottom = 371.164
script = ExtResource( 6 )

[node name="StatsContainer" type="HBoxContainer" parent="UI/StatsPanel"]
editor/display_folded = true
anchor_right = 1.0
anchor_bottom = 1.0

[node name="HP" type="Label" parent="UI/StatsPanel/StatsContainer"]
margin_right = 86.0
margin_bottom = 73.0
size_flags_horizontal = 3
size_flags_vertical = 6
text = "HP
25"
align = 1

[node name="AP" type="Label" parent="UI/StatsPanel/StatsContainer"]
margin_left = 90.0
margin_right = 176.0
margin_bottom = 73.0
size_flags_horizontal = 3
size_flags_vertical = 6
text = "AP
3"
align = 1

[node name="MP" type="Label" parent="UI/StatsPanel/StatsContainer"]
margin_left = 180.0
margin_right = 267.0
margin_bottom = 73.0
size_flags_horizontal = 3
size_flags_vertical = 6
text = "MP
10"
align = 1

[node name="TextBoxPanel" type="Panel" parent="UI"]
margin_left = -2.0
margin_top = 521.0
margin_right = 1027.0
margin_bottom = 604.0

[node name="BattleButtons" type="GridContainer" parent="UI"]
editor/display_folded = true
margin_left = 108.802
margin_top = 412.081
margin_right = 935.802
margin_bottom = 462.081
custom_constants/hseparation = 100
columns = 4

[node name="SlashActionButton" parent="UI/BattleButtons" instance=ExtResource( 7 )]

[node name="HealActionButton" parent="UI/BattleButtons" instance=ExtResource( 8 )]
margin_left = 235.0
margin_right = 370.0
[connection signal="ap_changed" from="PlayerStats" to="UI/StatsPanel" method="_on_PlayerStats_ap_changed"]
[connection signal="hp_changed" from="PlayerStats" to="UI/StatsPanel" method="_on_PlayerStats_hp_changed"]
[connection signal="mp_changed" from="PlayerStats" to="UI/StatsPanel" method="_on_PlayerStats_mp_changed"]
[connection signal="pressed" from="UI/CenterContainer/ProceedButton" to="." method="_on_ProceedButton_pressed"]
